%% This BibTeX bibliography file was created using BibDesk.
%% http://bibdesk.sourceforge.net/


%% Created for Alexandra Meliou at 2012-03-13 01:18:14 -0700 


%% Saved with string encoding Unicode (UTF-8) 



@misc{glpk,
	Date-Added = {2011-10-31 18:06:07 -0700},
	Date-Modified = {2012-03-13 01:17:49 -0700},
	Howpublished = {\href{http://www.gnu.org/s/glpk}{http://www.gnu.org/s/glpk}},
	Title = {{GNU} {L}inear {P}rograming {K}it}}

@misc{tpch,
	Date-Added = {2011-10-31 18:03:41 -0700},
	Date-Modified = {2012-03-13 01:18:12 -0700},
	Howpublished = {\href{http://www.tpc.org/tpch}{http://www.tpc.org/tpch}},
	Title = {{TPC-H} Benchmark Specification}}

@article{Makhorin_2010,
	Author = {Makhorin, Andrew},
	Date-Added = {2011-10-30 04:11:06 -0700},
	Date-Modified = {2011-10-30 04:28:44 -0700},
	Journal = {Structure},
	Number = {January},
	Title = {Modeling Language {GNU} {M}ath{P}rog},
	Url = {http://www.cs.unb.ca/~bremner/docs/glpk/gmpl.pdf},
	Year = {2010},
	Bdsk-Url-1 = {http://www.cs.unb.ca/~bremner/docs/glpk/gmpl.pdf}}

@book{chen2011applied,
	Author = {Chen, D.S. and Batson, R.G. and Dang, Y.},
	Date-Added = {2011-10-29 02:47:35 -0700},
	Date-Modified = {2011-10-29 02:47:35 -0700},
	Isbn = {9781118165997},
	Publisher = {John Wiley \& Sons},
	Title = {Applied Integer Programming: Modeling and Solution},
	Url = {http://books.google.com/books?id=IqxeSeRlrJcC},
	Year = {2011},
	Bdsk-Url-1 = {http://books.google.com/books?id=IqxeSeRlrJcC}}

@inproceedings{DBLP:conf/pods/AmsterdamerDT11,
	Author = {Yael Amsterdamer and Daniel Deutch and Val Tannen},
	Bibsource = {DBLP, http://dblp.uni-trier.de},
	Booktitle = {PODS},
	Date-Added = {2011-10-28 20:40:32 -0700},
	Date-Modified = {2011-10-28 20:40:44 -0700},
	Pages = {153-164},
	Title = {Provenance for aggregate queries},
	Year = {2011},
	Bdsk-Url-1 = {http://doi.acm.org/10.1145/1989284.1989302}}

@inproceedings{DBLP:conf/sigmod/AntovaKO07,
	Author = {Lyublena Antova and Christoph Koch and Dan Olteanu},
	Bibsource = {DBLP, http://dblp.uni-trier.de},
	Booktitle = {SIGMOD Conference},
	Date-Added = {2011-10-28 20:27:54 -0700},
	Date-Modified = {2011-10-28 20:28:00 -0700},
	Pages = {713-724},
	Title = {From complete to incomplete information and back},
	Year = {2007},
	Bdsk-Url-1 = {http://doi.acm.org/10.1145/1247480.1247559}}

@inproceedings{DBLP:conf/icde/AntovaKO07a,
	Author = {Lyublena Antova and Christoph Koch and Dan Olteanu},
	Bibsource = {DBLP, http://dblp.uni-trier.de},
	Booktitle = {ICDE},
	Date-Added = {2011-10-28 20:23:55 -0700},
	Date-Modified = {2011-10-28 20:24:01 -0700},
	Pages = {1479-1480},
	Title = {MayBMS: Managing Incomplete Information with Probabilistic World-Set Decompositions},
	Year = {2007},
	Bdsk-Url-1 = {http://dx.doi.org/10.1109/ICDE.2007.369042}}

@inproceedings{DBLP:conf/sigmod/HuangAKO09,
	Author = {Jiewen Huang and Lyublena Antova and Christoph Koch and Dan Olteanu},
	Bibsource = {DBLP, http://dblp.uni-trier.de},
	Booktitle = {SIGMOD Conference},
	Date-Added = {2011-10-28 20:23:25 -0700},
	Date-Modified = {2011-10-28 20:23:33 -0700},
	Pages = {1071-1074},
	Title = {MayBMS: a probabilistic database management system},
	Year = {2009},
	Bdsk-Url-1 = {http://doi.acm.org/10.1145/1559845.1559984}}

@inproceedings{DBLP:conf/sigmod/GraySEBW94,
	Author = {Jim Gray and Prakash Sundaresan and Susanne Englert and Kenneth Baclawski and Peter J. Weinberger},
	Bibsource = {DBLP, http://dblp.uni-trier.de},
	Booktitle = {SIGMOD},
	Date-Added = {2011-10-28 20:18:02 -0700},
	Date-Modified = {2011-10-28 20:18:02 -0700},
	Pages = {243-252},
	Title = {Quickly Generating Billion-Record Synthetic Databases},
	Year = {1994}}

@inproceedings{DBLP:conf/vldb/BrunoC05,
	Author = {Nicolas Bruno and Surajit Chaudhuri},
	Bibsource = {DBLP, http://dblp.uni-trier.de},
	Booktitle = {VLDB},
	Date-Added = {2011-10-28 20:17:49 -0700},
	Date-Modified = {2011-10-28 20:17:49 -0700},
	Pages = {1097-1107},
	Title = {Flexible Database Generators},
	Year = {2005},
	Bdsk-Url-1 = {http://www.vldb2005.org/program/paper/wed/p1097-bruno.pdf}}

@inproceedings{DBLP:conf/vldb/HoukjaerTW06,
	Author = {Kenneth Houkj{\ae}r and Kristian Torp and Rico Wind},
	Bibsource = {DBLP, http://dblp.uni-trier.de},
	Booktitle = {VLDB},
	Date-Added = {2011-10-28 20:17:31 -0700},
	Date-Modified = {2011-10-28 20:17:31 -0700},
	Pages = {1243-1246},
	Title = {Simple and Realistic Data Generation},
	Year = {2006},
	Bdsk-Url-1 = {http://www.vldb.org/conf/2006/p1243-houkjar.pdf}}

@article{DBLP:journals/sigmod/ArenasPRR09,
	Author = {Marcelo Arenas and Jorge P{\'e}rez and Juan L. Reutter and Cristian Riveros},
	Bibsource = {DBLP, http://dblp.uni-trier.de},
	Date-Added = {2011-10-28 20:17:13 -0700},
	Date-Modified = {2011-10-28 20:17:13 -0700},
	Journal = {SIGMOD Rec.},
	Number = {3},
	Pages = {17-28},
	Title = {Composition and inversion of schema mappings},
	Volume = {38},
	Year = {2009},
	Bdsk-Url-1 = {http://doi.acm.org/10.1145/1815933.1815938}}

@book{DBLP:series/synthesis/2010Arenas,
	Author = {Marcelo Arenas and Pablo Barcel{\'o} and Leonid Libkin and Filip Murlak},
	Bibsource = {DBLP, http://dblp.uni-trier.de},
	Booktitle = {Relational and XML Data Exchange},
	Date-Added = {2011-10-28 20:16:57 -0700},
	Date-Modified = {2011-10-28 20:16:57 -0700},
	Publisher = {Morgan {\&} Claypool Publishers},
	Series = {Synthesis Lectures on Data Management},
	Title = {Relational and XML Data Exchange},
	Year = {2010},
	Bdsk-Url-1 = {http://dx.doi.org/10.2200/S00297ED1V01Y201008DTM008}}

@article{DBLP:journals/tods/Fagin07,
	Author = {Ronald Fagin},
	Bibsource = {DBLP, http://dblp.uni-trier.de},
	Date-Added = {2011-10-28 20:16:38 -0700},
	Date-Modified = {2011-10-28 20:16:38 -0700},
	Journal = {ACM TODS},
	Number = {4},
	Title = {Inverting schema mappings},
	Volume = {32},
	Year = {2007},
	Bdsk-Url-1 = {http://doi.acm.org/10.1145/1292609.1292615}}

@article{DBLP:journals/tods/ArenasPR09,
	Author = {Marcelo Arenas and Jorge P{\'e}rez and Cristian Riveros},
	Bibsource = {DBLP, http://dblp.uni-trier.de},
	Date-Added = {2011-10-28 20:16:19 -0700},
	Date-Modified = {2011-10-28 20:16:19 -0700},
	Journal = {ACM Trans. Database Syst.},
	Number = {4},
	Title = {The recovery of a schema mapping: Bringing exchanged data back},
	Volume = {34},
	Year = {2009},
	Bdsk-Url-1 = {http://doi.acm.org/10.1145/1620585.1620589}}

@inproceedings{DBLP:conf/sigmod/KanagalLD11,
	Author = {Bhargav Kanagal and Jian Li and Amol Deshpande},
	Bibsource = {DBLP, http://dblp.uni-trier.de},
	Booktitle = {SIGMOD Conference},
	Date-Added = {2011-10-28 19:54:26 -0700},
	Date-Modified = {2011-10-28 19:54:36 -0700},
	Pages = {841-852},
	Title = {Sensitivity analysis and explanations for robust query evaluation in probabilistic databases},
	Year = {2011},
	Bdsk-Url-1 = {http://doi.acm.org/10.1145/1989323.1989411}}

@inproceedings{DBLP:conf/icdt/CohenNS03,
	Author = {Sara Cohen and Werner Nutt and Yehoshua Sagiv},
	Bibsource = {DBLP, http://dblp.uni-trier.de},
	Booktitle = {ICDT},
	Date-Added = {2011-10-27 01:17:46 -0700},
	Date-Modified = {2011-10-27 01:17:55 -0700},
	Pages = {111-125},
	Title = {Containment of Aggregate Queries},
	Year = {2003},
	Bdsk-Url-1 = {http://dx.doi.org/10.1007/3-540-36285-1_8}}

@book{lyytinen2009design,
	Author = {Lyytinen, K.J. and Loucopoulos, P. and Mylopoulos, J.},
	Date-Added = {2011-10-25 01:37:39 -0700},
	Date-Modified = {2011-10-25 01:37:39 -0700},
	Isbn = {9783540929659},
	Issn = {1865-1348},
	Lccn = {2008942723},
	Publisher = {Springer},
	Series = {Lecture Notes in Business Information Processing},
	Title = {Design Requirements Engineering: A Ten-Year Perspective: Design Requirements Workshop, Cleveland, OH, USA, June 3-6, 2007, Revised and Invited Papers},
	Url = {http://books.google.es/books?id=VmuChnXFqQcC},
	Year = {2009},
	Bdsk-Url-1 = {http://books.google.es/books?id=VmuChnXFqQcC}}

@misc{ThomsonReuters,
	Author = {{Thomson Reuters Impact Factor for Journal publications}},
	Date-Added = {2011-10-25 01:05:15 -0700},
	Date-Modified = {2011-10-25 01:10:02 -0700},
	Title = {\url{http://science.thomsonreuters.com/citationimpactcenter/}}}

@inproceedings{DBLP:conf/icde/BinnigKL07,
	Author = {Carsten Binnig and Donald Kossmann and Eric Lo},
	Bibsource = {DBLP, http://dblp.uni-trier.de},
	Booktitle = {ICDE},
	Date-Added = {2011-10-24 19:43:08 -0700},
	Date-Modified = {2011-10-24 19:43:18 -0700},
	Pages = {506-515},
	Title = {Reverse Query Processing},
	Year = {2007},
	Bdsk-Url-1 = {http://dx.doi.org/10.1109/ICDE.2007.367896}}

@inproceedings{Meliou2011-RDM,
	Author = {Alexandra Meliou and Wolfgang Gatterbauer and Dan Suciu},
	Booktitle = {VLDB},
	Date-Added = {2011-10-24 16:36:57 -0700},
	Date-Modified = {2011-10-24 19:41:51 -0700},
	Title = {Reverse Data Management},
	Year = {2011}}

@inproceedings{DBLP:journals/corr/abs-1006-1429,
	Author = {James Cheney},
	Bibsource = {DBLP, http://dblp.uni-trier.de},
	Booktitle = {DCM},
	Date-Added = {2011-03-30 22:09:47 -0700},
	Date-Modified = {2011-03-30 22:09:59 -0700},
	Ee = {http://dx.doi.org/10.4204/EPTCS.26.6},
	Pages = {63-74},
	Title = {Causality and the Semantics of Provenance},
	Year = {2010}}

@misc{SATcompetition,
	Date-Added = {2011-03-25 14:39:52 -0700},
	Date-Modified = {2011-03-25 14:45:02 -0700},
	Title = {http://www.satcompetition.org/}}

@inproceedings{DBLP:conf/sat/Sheridan04,
	Author = {Daniel Sheridan},
	Bibsource = {DBLP, http://dblp.uni-trier.de},
	Booktitle = {SAT},
	Date-Added = {2011-03-25 02:25:16 -0700},
	Date-Modified = {2011-03-30 21:59:39 -0700},
	Title = {The Optimality of a Fast {CNF} Conversion and its Use with {SAT}},
	Year = {2004},
	Bdsk-Url-1 = {http://www.satisfiability.org/SAT04/programme/114.pdf}}

@inproceedings{DBLP:conf/pods/BunemanCTV08,
	Author = {Peter Buneman and James Cheney and Wang Chiew Tan and Stijn Vansummeren},
	Bibsource = {DBLP, http://dblp.uni-trier.de},
	Booktitle = {PODS},
	Date-Added = {2010-11-01 07:36:05 -0700},
	Date-Modified = {2010-11-01 07:36:10 -0700},
	Ee = {http://doi.acm.org/10.1145/1376916.1376918},
	Pages = {1-12},
	Title = {Curated databases},
	Year = {2008}}

@inproceedings{JarvelinK2010:IRMethods,
	Annote = {SIGIR '00: Proceedings of the 23rd annual international ACM SIGIR conference on Research and development in information retrieval},
	Author = {J\"{a}rvelin, Kalervo and Kek\"{a}l\"{a}inen, Jaana},
	Booktitle = {SIGIR},
	Date-Added = {2010-11-01 02:54:29 -0700},
	Date-Modified = {2010-11-01 09:28:48 -0700},
	Doi = {http://doi.acm.org/10.1145/345508.345545},
	Isbn = {1-58113-226-3},
	Location = {Athens, Greece},
	Pages = {41--48},
	Title = {{IR} evaluation methods for retrieving highly relevant documents},
	Year = {2000},
	Bdsk-Url-1 = {http://doi.acm.org/10.1145/345508.345545}}

@inproceedings{Hoos00satlib:an,
	Author = {Holger H. Hoos and Thomas St{\"u}tzle},
	Date-Modified = {2010-11-01 04:20:07 -0700},
	Pages = {283--292},
	Publisher = {IOS Press},
	Title = {{SATLIB}: An Online Resource for Research on {SAT}},
	Year = {2000}}

@proceedings{DBLP:series/faia/2009-185,
	Bibsource = {DBLP, http://dblp.uni-trier.de},
	Booktitle = {Handbook of Satisfiability},
	Editor = {Armin Biere and Marijn Heule and Hans van Maaren and Toby Walsh},
	Isbn = {978-1-58603-929-5},
	Publisher = {IOS Press},
	Series = {Frontiers in Artificial Intelligence and Applications},
	Title = {Handbook of Satisfiability},
	Volume = {185},
	Year = {2009}}

@inproceedings{minisat,
	Author = {Niklas Sorensson and Niklas Een},
	Booktitle = {SAT 2005 competition},
	Date-Modified = {2011-03-30 21:59:57 -0700},
	Title = {Minisat v1.13 -- A {SAT} Solver with Conflict-Clause Minimization},
	Year = {2005}}

@inproceedings{DBLP:conf/sat/FuM06,
	Author = {Zhaohui Fu and Sharad Malik},
	Bibsource = {DBLP, http://dblp.uni-trier.de},
	Booktitle = {SAT},
	Date-Added = {2010-10-31 00:53:53 -0700},
	Date-Modified = {2011-03-30 22:02:15 -0700},
	Pages = {252-265},
	Title = {On Solving the Partial {M}ax-{SAT} Problem},
	Year = {2006},
	Bdsk-Url-1 = {http://dx.doi.org/10.1007/11814948_25}}

@article{HerasFLO2008:MiniMaxSat,
	Address = {USA},
	Author = {Heras, Federico and Larrosa, Javier and Oliveras, Albert},
	Date-Added = {2010-10-30 22:20:27 -0700},
	Date-Modified = {2011-03-30 22:02:05 -0700},
	Issn = {1076-9757},
	Journal = {J. Artif. Int. Res.},
	Number = {1},
	Pages = {1--32},
	Publisher = {AI Access Foundation},
	Title = {{MINIMAXSAT}: an efficient weighted {M}ax-{SAT} solver},
	Volume = {31},
	Year = {2008}}

@article{cong2010,
	Annote = {(to appear)},
	Author = {Gao Cong and Wenfei Fan and Floris Geerts and Jizhou Luo},
	Date-Modified = {2011-03-30 21:11:43 -0700},
	Journal = {TKDE},
	Title = {On the complexity of view update and its applications to annotation propagation},
	Year = {2011}}

@article{DBLP:journals/pvldb/MeliouGMS11,
	Author = {Alexandra Meliou and Wolfgang Gatterbauer and Katherine F. Moore and Dan Suciu},
	Bibsource = {DBLP, http://dblp.uni-trier.de},
	Date-Modified = {2010-10-30 15:32:45 -0700},
	Ee = {http://www.vldb.org/pvldb/vol4/p34-meliou.pdf},
	Journal = {PVLDB},
	Number = {1},
	Pages = {34-45},
	Title = {The Complexity of Causality and Responsibility for Query Answers and non-Answers},
	Volume = {4},
	Year = {2010}}

@article{DBLP:journals/pvldb/HerschelH10,
	Author = {Melanie Herschel and Mauricio A. Hern{\'a}ndez},
	Bibsource = {DBLP, http://dblp.uni-trier.de},
	Ee = {http://www.comp.nus.edu.sg/$\sim$vldb2010/proceedings/files/papers/R16.pdf},
	Journal = {PVLDB},
	Number = {1},
	Pages = {185-196},
	Title = {Explaining Missing Answers to {SPJUA} Queries},
	Volume = {3},
	Year = {2010}}

@inproceedings{DBLP:conf/sat/AlsinetMP05,
	Author = {Teresa Alsinet and Felip Many{\`a} and Jordi Planes},
	Bibsource = {DBLP, http://dblp.uni-trier.de},
	Booktitle = {SAT},
	Date-Added = {2010-10-22 19:20:44 -0700},
	Date-Modified = {2010-10-30 22:18:14 -0700},
	Pages = {371-377},
	Title = {Improved Exact Solvers for Weighted {M}ax-{SAT}},
	Year = {2005},
	Bdsk-Url-1 = {http://dx.doi.org/10.1007/11499107_27}}

@inproceedings{DBLP:conf/icde/SimitsisVS05,
	Author = {Alkis Simitsis and Panos Vassiliadis and Timos K. Sellis},
	Bibsource = {DBLP, http://dblp.uni-trier.de},
	Booktitle = {ICDE},
	Date-Added = {2010-10-22 15:59:47 -0700},
	Date-Modified = {2010-10-29 17:27:09 -0700},
	Pages = {564-575},
	Title = {Optimizing {ETL} Processes in Data Warehouses},
	Year = {2005},
	Bdsk-Url-1 = {http://csdl.computer.org/comp/proceedings/icde/2005/2285/00/22850564abs.htm}}

@inproceedings{DBLP:conf/pods/Lenzerini02,
	Author = {Maurizio Lenzerini},
	Bibsource = {DBLP, http://dblp.uni-trier.de},
	Booktitle = {PODS},
	Date-Added = {2010-10-22 15:52:30 -0700},
	Date-Modified = {2010-10-22 15:52:47 -0700},
	Ee = {http://doi.acm.org/10.1145/543613.543644, http://www.acm.org/sigs/sigmod/pods/proc02/papers/233-Lenzerini.pdf},
	Pages = {233-246},
	Title = {Data Integration: A Theoretical Perspective},
	Year = {2002}}

@inproceedings{DBLP:conf/sigmod/BernsteinM07,
	Author = {Philip A. Bernstein and Sergey Melnik},
	Bibsource = {DBLP, http://dblp.uni-trier.de},
	Booktitle = {SIGMOD},
	Date-Added = {2010-10-22 15:50:22 -0700},
	Date-Modified = {2010-10-29 17:33:51 -0700},
	Pages = {1-12},
	Title = {Model management 2.0: manipulating richer mappings},
	Year = {2007},
	Bdsk-Url-1 = {http://doi.acm.org/10.1145/1247480.1247482}}

@inproceedings{DBLP:conf/pods/Kolaitis05,
	Author = {Phokion G. Kolaitis},
	Bibsource = {DBLP, http://dblp.uni-trier.de},
	Booktitle = {PODS},
	Date-Added = {2010-10-22 15:46:30 -0700},
	Date-Modified = {2010-10-22 15:46:51 -0700},
	Pages = {61-75},
	Title = {Schema mappings, data exchange, and metadata management},
	Year = {2005},
	Bdsk-Url-1 = {http://doi.acm.org/10.1145/1065167.1065176}}

@article{DBLP:journals/abs-1009-2021,
	Author = {Alexandra Meliou and Wolfgang Gatterbauer and Katherine F. Moore and Dan Suciu},
	Ee = {http://arxiv.org/abs/1009.2021},
	Journal = {CoRR},
	Title = {The Complexity of Causality and Responsibility for Query Answers and non-Answers},
	Volume = {abs/1009.2021},
	Year = {2010}}

@article{DEBulletin2010,
	Author = {Alexandra Meliou and Wolfgang Gatterbauer and Joseph Halpern and Christoph Koch and Katherine F. Moore and Dan Suciu},
	Journal = {IEEE Data Engineering Bulletin},
	Month = {Sept.},
	Title = {Causality in Databases},
	Year = {2010}}

@inproceedings{MUD2010,
	Author = {Alexandra Meliou and Wolfgang Gatterbauer and Katherine F. Moore and Dan Suciu},
	Booktitle = {MUD},
	Title = {{W}hy so? or {W}hy no? {F}unctional Causality for Explaining Query Answers},
	Year = {2010}}

@inproceedings{DBLP:conf/sigmod/LiefkeS00,
	Author = {Hartmut Liefke and Dan Suciu},
	Bibsource = {DBLP, http://dblp.uni-trier.de},
	Booktitle = {SIGMOD},
	Crossref = {DBLP:conf/sigmod/2000},
	Date-Added = {2010-07-02 16:19:12 -0700},
	Date-Modified = {2010-07-02 16:19:47 -0700},
	Ee = {http://doi.acm.org/10.1145/342009.335405, db/conf/sigmod/LiefkeS00.html},
	Title = {XMILL: An Efficient Compressor for XML Data},
	Year = {2000}}

@inproceedings{DBLP:conf/sigmod/TranC10,
	Annote = {15-26},
	Author = {Quoc Trung Tran and Chee-Yong Chan},
	Bibsource = {DBLP, http://dblp.uni-trier.de},
	Booktitle = {SIGMOD},
	Date-Added = {2010-06-28 14:18:51 -0700},
	Date-Modified = {2010-10-29 17:26:55 -0700},
	Ee = {http://doi.acm.org/10.1145/1807167.1807172},
	Pages = {15-26},
	Title = {How to ConQueR why-not questions},
	Year = {2010}}

@book{abiteboul-hull-vianu,
	Author = {Serge Abiteboul and Richard Hull and Victor Vianu},
	Bibsource = {DBLP, http://dblp.uni-trier.de},
	Isbn = {0-201-53771-0},
	Publisher = {Addison-Wesley},
	Title = {Foundations of Databases},
	Year = {1995}}

@article{Senellart:2008p382,
	Annote = {Vertex Cover on r-partite r-uniform hypergraph is hard.
23--32},
	Author = {P Senellart and Georg Gottlob},
	Date-Added = {2010-01-21 20:00:22 -0800},
	Date-Modified = {2010-06-28 14:22:12 -0700},
	Journal = {PODS},
	Local-Url = {file://localhost/Users/ameli/Documents/Papers/S/2008-Senellart-On%20the%20complexity%20of%20deriving.pdf},
	Pmid = {11395615409617925152related:IHQ-p9ZbJZ4J},
	Rating = {0},
	Read = {Yes},
	Title = {On the complexity of deriving schema mappings from database instances},
	Uri = {papers://31D9813B-B1E4-48D9-AEF3-96C3BF76606F/Paper/p382},
	Year = {2008},
	Bdsk-File-1 = {YnBsaXN0MDDUAQIDBAUIJidUJHRvcFgkb2JqZWN0c1gkdmVyc2lvblkkYXJjaGl2ZXLRBgdUcm9vdIABqAkKFRYXGyIjVSRudWxs0wsMDQ4RFFpOUy5vYmplY3RzV05TLmtleXNWJGNsYXNzog8QgASABqISE4ACgAOAB1lhbGlhc0RhdGFccmVsYXRpdmVQYXRo0hgNGRpXTlMuZGF0YU8RAgQAAAAAAgQAAgAADE1hY2ludG9zaCBIRAAAAAAAAAAAAAAAAAAAAMZpEUhIKwAAAC+Tax8yMDA4LVNlbmVsbGFydC1PbiB0aCMyRjkzNjMucGRmAAAAAAAAAAAAAAAAAAAAAAAAAAAAAAAAAAAAAAAAAAAAL5Njx35MOwAAAAAAAAAAAAQAAwAACSAAAAAAAAAAAAAAAAAAAAABUwAAEAAIAADGaXO4AAAAEQAIAADHfry7AAAAAQAUAC+TawAgHEMACppqAAqaUwAAhe0AAgBLTWFjaW50b3NoIEhEOlVzZXJzOmFtZWxpOkRvY3VtZW50czpQYXBlcnM6UzoyMDA4LVNlbmVsbGFydC1PbiB0aCMyRjkzNjMucGRmAAAOAGIAMAAyADAAMAA4AC0AUwBlAG4AZQBsAGwAYQByAHQALQBPAG4AIAB0AGgAZQAgAGMAbwBtAHAAbABlAHgAaQB0AHkAIABvAGYAIABkAGUAcgBpAHYAaQBuAGcALgBwAGQAZgAPABoADABNAGEAYwBpAG4AdABvAHMAaAAgAEgARAASAE9Vc2Vycy9hbWVsaS9Eb2N1bWVudHMvUGFwZXJzL1MvMjAwOC1TZW5lbGxhcnQtT24gdGhlIGNvbXBsZXhpdHkgb2YgZGVyaXZpbmcucGRmAAATAAEvAAAVAAIADP//AACABdIcHR4fWCRjbGFzc2VzWiRjbGFzc25hbWWjHyAhXU5TTXV0YWJsZURhdGFWTlNEYXRhWE5TT2JqZWN0XxBFLi4vLi4vLi4vLi4vUGFwZXJzL1MvMjAwOC1TZW5lbGxhcnQtT24gdGhlIGNvbXBsZXhpdHkgb2YgZGVyaXZpbmcucGRm0hwdJCWiJSFcTlNEaWN0aW9uYXJ5EgABhqBfEA9OU0tleWVkQXJjaGl2ZXIACAARABYAHwAoADIANQA6ADwARQBLAFIAXQBlAGwAbwBxAHMAdgB4AHoAfACGAJMAmACgAqgCqgKvArgCwwLHAtUC3ALlAy0DMgM1A0IDRwAAAAAAAAIBAAAAAAAAACgAAAAAAAAAAAAAAAAAAANZ}}

@article{DBLP:journals/corr/abs-0912-5340,
	Author = {Alexandra Meliou and Wolfgang Gatterbauer and Katherine F. Moore and Dan Suciu},
	Bibsource = {DBLP, http://dblp.uni-trier.de},
	Ee = {http://arxiv.org/abs/0912.5340},
	Journal = {CoRR},
	Title = {{W}hy so? or {W}hy no? {F}unctional Causality for Explaining Query Answers},
	Volume = {abs/0912.5340},
	Year = {2009}}

@article{DBLP:journals/tcs/ChekuriR00,
	Author = {Chandra Chekuri and Anand Rajaraman},
	Bibsource = {DBLP, http://dblp.uni-trier.de},
	Date-Added = {2010-02-16 09:52:13 -0800},
	Date-Modified = {2010-02-16 09:52:13 -0800},
	Journal = {Theor. Comput. Sci.},
	Number = {2},
	Pages = {211-229},
	Title = {Conjunctive query containment revisited},
	Volume = {239},
	Year = {2000},
	Bdsk-Url-1 = {http://dx.doi.org/10.1016/S0304-3975(99)00220-0}}

@book{AbiteboulHV:1995,
	Address = {Boston, MA, USA},
	Date-Added = {2010-02-16 09:52:07 -0800},
	Date-Modified = {2010-02-16 09:52:07 -0800},
	Editor = {Abiteboul, Serge and Hull, Richard and Vianu, Victor},
	Isbn = {0201537710},
	Publisher = {Addison-Wesley Longman Publishing Co., Inc.},
	Title = {Foundations of Databases: The Logical Level},
	Year = {1995}}

@article{DBLP:journals/jcss/GottlobLS02,
	Author = {Georg Gottlob and Nicola Leone and Francesco Scarcello},
	Bibsource = {DBLP, http://dblp.uni-trier.de},
	Date-Added = {2010-02-16 09:52:00 -0800},
	Date-Modified = {2010-02-16 09:52:00 -0800},
	Journal = {J. Comput. Syst. Sci.},
	Number = {3},
	Pages = {579-627},
	Title = {Hypertree Decompositions and Tractable Queries},
	Volume = {64},
	Year = {2002},
	Bdsk-Url-1 = {http://dx.doi.org/10.1006/jcss.2001.1809}}

@article{gottlob2001,
	Address = {New York, NY, USA},
	Author = {Gottlob, Georg and Leone, Nicola and Scarcello, Francesco},
	Doi = {http://doi.acm.org/10.1145/382780.382783},
	Issn = {0004-5411},
	Journal = {J. ACM},
	Number = {3},
	Pages = {431--498},
	Publisher = {ACM},
	Title = {The complexity of acyclic conjunctive queries},
	Volume = {48},
	Year = {2001},
	Bdsk-Url-1 = {http://doi.acm.org/10.1145/382780.382783}}

@book{Pearl:2000fk,
	Address = {Cambridge, U.K.},
	Author = {Pearl, Judea},
	Call-Number = {BD541},
	Date-Added = {2009-12-26 10:17:41 -0800},
	Date-Modified = {2009-12-26 10:17:49 -0800},
	Dewey-Call-Number = {122},
	Genre = {Causation},
	Isbn = {9780521895606},
	Library-Id = {99042108},
	Publisher = {Cambridge University Press},
	Title = {Causality: models, reasoning, and inference},
	Url = {http://www.loc.gov/catdir/toc/cam024/99042108.html},
	Year = {2000},
	Bdsk-Url-1 = {http://www.loc.gov/catdir/toc/cam024/99042108.html}}

@article{Pearl1993:Comment,
	Author = {Judea Pearl},
	Date-Added = {2009-12-25 21:49:26 -0800},
	Date-Modified = {2009-12-25 21:50:05 -0800},
	Journal = {Statistical Science},
	Month = {Aug.},
	Number = {3},
	Pages = {266--269},
	Title = {Comment: Graphical Models, Causality and Intervention},
	Volume = {8},
	Year = {1993}}

@article{DBLP:journals/cc/BabaiF91,
	Author = {L{\'a}szl{\'o} Babai and Lance Fortnow},
	Bibsource = {DBLP, http://dblp.uni-trier.de},
	Date-Added = {2009-12-25 12:44:45 -0800},
	Date-Modified = {2009-12-25 12:44:45 -0800},
	Journal = {Computational Complexity},
	Pages = {41-66},
	Title = {Arithmetization: A New Method in Structural Complexity Theory},
	Volume = {1},
	Year = {1991}}

@article{DBLP:journals/cc/NisanS94,
	Author = {Noam Nisan and Mario Szegedy},
	Bibsource = {DBLP, http://dblp.uni-trier.de},
	Date-Added = {2009-12-25 11:52:03 -0800},
	Date-Modified = {2009-12-25 11:52:03 -0800},
	Journal = {Computational Complexity},
	Pages = {301-313},
	Title = {On the Degree of Boolean Functions as Real Polynomials},
	Volume = {4},
	Year = {1994}}

@inproceedings{DBLP:conf/focs/KahnKL88,
	Author = {Jeff Kahn and Gil Kalai and Nathan Linial},
	Booktitle = {FOCS},
	Date-Added = {2009-12-25 11:47:12 -0800},
	Date-Modified = {2011-03-30 21:49:02 -0700},
	Pages = {68-80},
	Title = {The Influence of Variables on {B}oolean Functions (Extended Abstract)},
	Year = {1988}}

@book{MinskyPapert1987:Perceptrons,
	Author = {Minsky, Marvin Lee and Papert, Seymour},
	Date-Added = {2009-12-25 11:42:40 -0800},
	Date-Modified = {2009-12-25 11:46:29 -0800},
	Publisher = {MIT Press},
	Title = {Perceptrons - expanded edition: An introduction to computational geometry},
	Year = {1987}}

@article{Lewis2000:CausationInfluence,
	Annote = {April},
	Author = {David Lewis},
	Date-Added = {2009-12-21 01:25:17 -0800},
	Date-Modified = {2009-12-21 01:33:47 -0800},
	Journal = {The Journal of Philosophy},
	Number = {4},
	Pages = {182-197},
	Title = {Causation as Influence},
	Volume = {97},
	Year = {2000}}

@article{Hitchcock2001:Intransitivity,
	Annote = {June},
	Author = {Christopher Hitchcock},
	Date-Added = {2009-12-20 23:37:34 -0800},
	Date-Modified = {2009-12-21 01:33:53 -0800},
	Journal = {The Journal of Philosophy},
	Number = {6},
	Pages = {273-299},
	Title = {The Intransitivity of Causation Revealed in Equations and Graphs},
	Volume = {98},
	Year = {2001}}

@article{DBLP:journals/pvldb/ReS08,
	Author = {Christopher R{\'e} and Dan Suciu},
	Bibsource = {DBLP, http://dblp.uni-trier.de},
	Date-Added = {2009-12-11 17:14:24 -0800},
	Date-Modified = {2009-12-11 17:14:24 -0800},
	Journal = {PVLDB},
	Number = {1},
	Pages = {797-808},
	Title = {Approximate lineage for probabilistic databases},
	Volume = {1},
	Year = {2008},
	Bdsk-Url-1 = {http://www.vldb.org/pvldb/1/1453943.pdf}}

@incollection{Hall2004:TwoConcepts,
	Annote = {Hall, N. [2004]: `Two Concepts of Causation', in J. Collins, N. Hall, and L. A. Paul
(eds.), Causation and Counterfactuals, Cambridge, MA: MIT Press.},
	Author = {Ned Hall},
	Booktitle = {Causation and Counterfactuals},
	Date-Added = {2009-12-10 10:27:05 -0800},
	Date-Modified = {2009-12-10 10:33:29 -0800},
	Editor = {John Collins and Ned Hall and L. A. Paul},
	Publisher = {MIT Press},
	Title = {Two Concepts of Causation},
	Year = {2004}}

@article{DBLP:journals/aim/Pearl02,
	Author = {Judea Pearl},
	Bibsource = {DBLP, http://dblp.uni-trier.de},
	Date-Added = {2009-12-09 19:10:50 -0800},
	Date-Modified = {2009-12-09 19:10:50 -0800},
	Journal = {AI Magazine},
	Number = {1},
	Pages = {95-112},
	Title = {Reasoning with Cause, Effect},
	Volume = {23},
	Year = {2002}}

@article{DBLP:journals/tocl/ChocklerHK08,
	Author = {Hana Chockler and Joseph Y. Halpern and Orna Kupferman},
	Bibsource = {DBLP, http://dblp.uni-trier.de},
	Date-Added = {2009-12-09 13:04:26 -0800},
	Date-Modified = {2009-12-20 18:55:00 -0800},
	Journal = {ACM Trans. Comput. Log.},
	Number = {3},
	Title = {What causes a system to satisfy a specification?},
	Volume = {9},
	Year = {2008},
	Bdsk-Url-1 = {http://doi.acm.org/10.1145/1352582.1352588}}

@inproceedings{DBLP:conf/sigmod/MiklauS04,
	Annote = {575-586},
	Author = {Gerome Miklau and Dan Suciu},
	Bibsource = {DBLP, http://dblp.uni-trier.de},
	Booktitle = {SIGMOD},
	Date-Modified = {2009-12-12 20:12:09 -0800},
	Title = {A Formal Analysis of Information Disclosure in Data Exchange},
	Year = {2004}}

@article{DBLP:journals/ai/EiterL02,
	Author = {Thomas Eiter and Thomas Lukasiewicz},
	Bibsource = {DBLP, http://dblp.uni-trier.de},
	Date-Added = {2009-11-28 22:39:35 -0800},
	Date-Modified = {2010-06-28 14:20:43 -0700},
	Journal = {Artif. Intell.},
	Note = {(Conference version in \emph{IJCAI}, 2002)},
	Number = {1},
	Pages = {53-89},
	Title = {Complexity results for structure-based causality},
	Volume = {142},
	Year = {2002},
	Bdsk-Url-1 = {http://dx.doi.org/10.1016/S0004-3702(02)00271-0}}

@article{Eiter:2006p86,
	Annote = {Tractable cases:
	- causal trees with bounded arity (defined as fan-in)
	- decomposable graphs but only given the decomposition, which is not computable in ptime. So in general not a tractable case just given the CN as input
	- layered causal graphs (need to look into this one)},
	Author = {Thomas Eiter and Thomas Lukasiewicz},
	Date-Added = {2009-12-16 01:07:27 -0800},
	Date-Modified = {2010-01-13 10:43:32 -0800},
	Journal = {Artif. Intell.},
	Keywords = {causality},
	Local-Url = {file://localhost/Users/ameli/Documents/Papers/E/2006-Eiter-Causes%20and%20explanations%20in%20the-1.pdf},
	Number = {6-7},
	Pages = {542--580},
	Pmid = {17302199193764821899related:i_tm6X7CHfAJ},
	Rating = {0},
	Read = {Yes},
	Title = {Causes and explanations in the structural-model approach: Tractable cases},
	Uri = {papers://31D9813B-B1E4-48D9-AEF3-96C3BF76606F/Paper/p86},
	Url = {http://www.google.com/search?client=safari&rls=en-us&q=Causes+and+explanations+in+the+structural-model+approach:+Tractable+cases&ie=UTF-8&oe=UTF-8},
	Volume = {170},
	Year = {2006},
	Bdsk-File-1 = {YnBsaXN0MDDUAQIDBAUIJidUJHRvcFgkb2JqZWN0c1gkdmVyc2lvblkkYXJjaGl2ZXLRBgdUcm9vdIABqAkKFRYXGyIjVSRudWxs0wsMDQ4RFFpOUy5vYmplY3RzV05TLmtleXNWJGNsYXNzog8QgASABqISE4ACgAOAB1lhbGlhc0RhdGFccmVsYXRpdmVQYXRo0hgNGRpXTlMuZGF0YU8RAgAAAAAAAgAAAgAADE1hY2ludG9zaCBIRAAAAAAAAAAAAAAAAAAAAMZpEUhIKwAAACAl+R8yMDA2LUVpdGVyLUNhdXNlcyBhbiMyMDREQTQucGRmAAAAAAAAAAAAAAAAAAAAAAAAAAAAAAAAAAAAAAAAAAAAIE2kx02EzlBERiAAAAAAAAQAAwAACSAAAAAAAAAAAAAAAAAAAAABRQAAEAAIAADGaXO4AAAAEQAIAADHTfVOAAAAAQAUACAl+QAgHEMACppqAAqaUwAAhe0AAgBLTWFjaW50b3NoIEhEOlVzZXJzOmFtZWxpOkRvY3VtZW50czpQYXBlcnM6RToyMDA2LUVpdGVyLUNhdXNlcyBhbiMyMDREQTQucGRmAAAOAGAALwAyADAAMAA2AC0ARQBpAHQAZQByAC0AQwBhAHUAcwBlAHMAIABhAG4AZAAgAGUAeABwAGwAYQBuAGEAdABpAG8AbgBzACAAaQBuACAAdABoAGUALQAxAC4AcABkAGYADwAaAAwATQBhAGMAaQBuAHQAbwBzAGgAIABIAEQAEgBOVXNlcnMvYW1lbGkvRG9jdW1lbnRzL1BhcGVycy9FLzIwMDYtRWl0ZXItQ2F1c2VzIGFuZCBleHBsYW5hdGlvbnMgaW4gdGhlLTEucGRmABMAAS8AABUAAgAM//8AAIAF0hwdHh9YJGNsYXNzZXNaJGNsYXNzbmFtZaMfICFdTlNNdXRhYmxlRGF0YVZOU0RhdGFYTlNPYmplY3RfEEQuLi8uLi8uLi8uLi9QYXBlcnMvRS8yMDA2LUVpdGVyLUNhdXNlcyBhbmQgZXhwbGFuYXRpb25zIGluIHRoZS0xLnBkZtIcHSQloiUhXE5TRGljdGlvbmFyeRIAAYagXxAPTlNLZXllZEFyY2hpdmVyAAgAEQAWAB8AKAAyADUAOgA8AEUASwBSAF0AZQBsAG8AcQBzAHYAeAB6AHwAhgCTAJgAoAKkAqYCqwK0Ar8CwwLRAtgC4QMoAy0DMAM9A0IAAAAAAAACAQAAAAAAAAAoAAAAAAAAAAAAAAAAAAADVA==},
	Bdsk-Url-1 = {http://www.google.com/search?client=safari&rls=en-us&q=Causes+and+explanations+in+the+structural-model+approach:+Tractable+cases&ie=UTF-8&oe=UTF-8}}

@article{DBLP:journals/tods/CuiWW00,
	Author = {Yingwei Cui and Jennifer Widom and Janet L. Wiener},
	Bibsource = {DBLP, http://dblp.uni-trier.de},
	Date-Added = {2009-11-28 22:36:21 -0800},
	Date-Modified = {2009-11-28 22:36:21 -0800},
	Journal = {ACM Trans. Database Syst.},
	Number = {2},
	Pages = {179-227},
	Title = {Tracing the lineage of view data in a warehousing environment},
	Volume = {25},
	Year = {2000},
	Bdsk-Url-1 = {http://doi.acm.org/10.1145/357775.357777}}

@inproceedings{DBLP:conf/pods/GreenKT07,
	Annote = {31-40},
	Author = {Todd J. Green and Gregory Karvounarakis and Val Tannen},
	Bibsource = {DBLP, http://dblp.uni-trier.de},
	Booktitle = {PODS},
	Date-Added = {2009-11-28 22:34:25 -0800},
	Date-Modified = {2010-10-29 17:31:56 -0700},
	Pages = {31-40},
	Title = {Provenance semirings},
	Year = {2007},
	Bdsk-Url-1 = {http://doi.acm.org/10.1145/1265530.1265535}}

@inproceedings{DBLP:conf/icdt/BunemanKT01,
	Annote = {316-330},
	Author = {Peter Buneman and Sanjeev Khanna and Wang Chiew Tan},
	Bibsource = {DBLP, http://dblp.uni-trier.de},
	Booktitle = {ICDT},
	Date-Added = {2009-11-28 22:32:17 -0800},
	Date-Modified = {2010-10-29 17:33:38 -0700},
	Ee = {http://dx.doi.org/10.1007/3-540-44503-X_20, http://link.springer.de/link/service/series/0558/bibs/1973/19730316.htm},
	Pages = {316-330},
	Title = {Why and Where: A Characterization of Data Provenance},
	Year = {2001}}

@inproceedings{DBLP:conf/pods/BunemanKT02,
	Author = {Peter Buneman and Sanjeev Khanna and Wang Chiew Tan},
	Bibsource = {DBLP, http://dblp.uni-trier.de},
	Booktitle = {PODS},
	Date-Added = {2010-07-04 04:35:29 -0700},
	Date-Modified = {2010-07-04 04:35:54 -0700},
	Ee = {http://doi.acm.org/10.1145/543613.543633, http://www.acm.org/sigs/sigmod/pods/proc02/papers/150-BunemanKT.pdf},
	Pages = {150-158},
	Title = {On Propagation of Deletions and Annotations Through Views},
	Year = {2002}}

@proceedings{DBLP:conf/icdt/2001,
	Bibsource = {DBLP, http://dblp.uni-trier.de},
	Booktitle = {ICDT},
	Date-Added = {2009-11-28 22:32:17 -0800},
	Date-Modified = {2009-11-28 22:32:17 -0800},
	Editor = {Jan Van den Bussche and Victor Vianu},
	Isbn = {3-540-41456-8},
	Publisher = {Springer},
	Series = {Lecture Notes in Computer Science},
	Title = {Database Theory - ICDT 2001, 8th International Conference, London, UK, January 4-6, 2001, Proceedings},
	Volume = {1973},
	Year = {2001}}

@inproceedings{DBLP:conf/chi/LimDA09,
	Annote = {2119-2128},
	Author = {Brian Y. Lim and Anind K. Dey and Daniel Avrahami},
	Bibsource = {DBLP, http://dblp.uni-trier.de},
	Booktitle = {CHI},
	Date-Added = {2009-11-28 22:28:47 -0800},
	Date-Modified = {2009-12-20 15:04:22 -0800},
	Title = {\emph{Why} and \emph{why not} explanations improve the intelligibility of context-aware intelligent systems},
	Year = {2009},
	Bdsk-Url-1 = {http://doi.acm.org/10.1145/1518701.1519023}}

@proceedings{DBLP:conf/chi/2009,
	Bibsource = {DBLP, http://dblp.uni-trier.de},
	Booktitle = {CHI},
	Date-Added = {2009-11-28 22:28:47 -0800},
	Date-Modified = {2009-11-28 22:28:47 -0800},
	Editor = {Dan R. Olsen Jr. and Richard B. Arthur and Ken Hinckley and Meredith Ringel Morris and Scott E. Hudson and Saul Greenberg},
	Isbn = {978-1-60558-246-7},
	Publisher = {ACM},
	Title = {Proceedings of the 27th International Conference on Human Factors in Computing Systems, CHI 2009, Boston, MA, USA, April 4-9, 2009},
	Year = {2009}}

@inproceedings{DBLP:conf/kr/Halpern08a,
	Annote = {198-208},
	Author = {Joseph Y. Halpern},
	Bibsource = {DBLP, http://dblp.uni-trier.de},
	Booktitle = {KR},
	Date-Added = {2009-11-28 18:23:02 -0800},
	Date-Modified = {2009-12-20 15:03:06 -0800},
	Title = {Defaults and Normality in Causal Structures},
	Year = {2008}}

@proceedings{DBLP:conf/kr/2008,
	Bibsource = {DBLP, http://dblp.uni-trier.de},
	Booktitle = {KR},
	Date-Added = {2009-11-28 18:23:02 -0800},
	Date-Modified = {2009-11-28 18:23:02 -0800},
	Editor = {Gerhard Brewka and J{\'e}r{\^o}me Lang},
	Isbn = {978-1-57735-384-3},
	Publisher = {AAAI Press},
	Title = {Principles of Knowledge Representation and Reasoning: Proceedings of the Eleventh International Conference, KR 2008, Sydney, Australia, September 16-19, 2008},
	Year = {2008}}

@misc{Menzies:Causation2008,
	Author = {Peter Menzies},
	Date-Added = {2009-11-28 17:00:56 -0800},
	Date-Modified = {2009-11-28 17:01:53 -0800},
	Howpublished = {Stanford Encylopedia of Philosophy},
	Title = {Counterfactual Theories of Causation},
	Year = {2008}}

@article{McDermott:Causation1995,
	Abstract = {I propose an amendment to Lewis's counterfactual analysis of causation, designed to overcome some difficulties concerning redundant causation.},
	Author = {McDermott, Michael},
	Copyright = {Copyright {\copyright} 1995 The British Society for the Philosophy of Science},
	Date-Added = {2009-11-28 16:47:20 -0800},
	Date-Modified = {2009-11-28 16:47:42 -0800},
	Issn = {00070882},
	Journal = {The British Journal for the Philosophy of Science},
	Jstor_Articletype = {primary_article},
	Jstor_Formatteddate = {Dec., 1995},
	Number = {4},
	Pages = {523--544},
	Publisher = {Oxford University Press on behalf of The British Society for the Philosophy of Science},
	Title = {Redundant Causation},
	Url = {http://www.jstor.org/stable/687896},
	Volume = {46},
	Year = {1995},
	Bdsk-Url-1 = {http://www.jstor.org/stable/687896}}

@article{HalpernPearl:Explanations2005,
	Author = {Joseph Y. Halpern and Judea Pearl},
	Date-Added = {2009-11-28 11:14:56 -0800},
	Date-Modified = {2009-12-20 15:03:24 -0800},
	Journal = {Brit.\ J.\ Phil.\ Sci.},
	Note = {Conference version in \emph{IJCAI}, 2001.},
	Pages = {889-911},
	Title = {Causes and Explanations: A structural-model Approach. {P}art {II}: Explanations},
	Volume = {56},
	Year = {2005}}

@misc{CausalityWorkshop:2009,
	Date-Added = {2009-11-28 11:02:07 -0800},
	Date-Modified = {2010-06-28 14:20:00 -0700},
	Howpublished = {IRIT, Toulouse},
	Key = {zzz},
	Month = {June},
	Note = {(\url{www.irit.fr/MICRAC/colloque/articles/extended_abstract_Micrac.pdf})},
	Title = {International Multidisciplinary Workshop on Causality},
	Year = {2009}}

@article{DBLP:journals/jair/ChocklerH04,
	Author = {Hana Chockler and Joseph Y. Halpern},
	Bibsource = {DBLP, http://dblp.uni-trier.de},
	Date-Added = {2009-11-28 10:53:36 -0800},
	Date-Modified = {2009-11-28 10:53:36 -0800},
	Journal = {J. Artif. Intell. Res. (JAIR)},
	Pages = {93-115},
	Title = {Responsibility and Blame: A Structural-Model Approach},
	Volume = {22},
	Year = {2004},
	Bdsk-Url-1 = {http://www.cs.washington.edu/research/jair/abstracts/chockler04a.html}}

@article{HalpernPearl:Cause2005,
	Author = {Joseph Y. Halpern and Judea Pearl},
	Date-Added = {2009-11-26 23:02:27 -0800},
	Date-Modified = {2010-06-28 14:20:55 -0700},
	Journal = {Brit.\ J.\ Phil.\ Sci.},
	Note = {(Conference version in \emph{UAI}, 2001)},
	Pages = {843-887},
	Title = {Causes and Explanations: A structural-model Approach. {P}art {I}: Causes},
	Volume = {56},
	Year = {2005}}

@article{DBLP:journals/ftdb/CheneyCT09,
	Author = {James Cheney and Laura Chiticariu and Wang Chiew Tan},
	Bibsource = {DBLP, http://dblp.uni-trier.de},
	Date-Added = {2009-11-09 08:34:33 -0800},
	Date-Modified = {2009-11-09 08:34:33 -0800},
	Ee = {http://dx.doi.org/10.1561/1900000006},
	Journal = {Foundations and Trends in Databases},
	Number = {4},
	Pages = {379-474},
	Title = {Provenance in Databases: Why, How, and Where},
	Volume = {1},
	Year = {2009}}

@inproceedings{DBLP:conf/ijcai/HalpernP01,
	Author = {Joseph Y. Halpern and Judea Pearl},
	Bibsource = {DBLP, http://dblp.uni-trier.de},
	Booktitle = {IJCAI},
	Date-Added = {2009-11-09 08:21:06 -0800},
	Date-Modified = {2009-11-09 08:32:41 -0800},
	Pages = {27-34},
	Title = {Causes and Explanations: A Structural-Model Approach - Part II: Explanations},
	Year = {2001}}

@inproceedings{DBLP:conf/uai/HalpernP01,
	Author = {Joseph Y. Halpern and Judea Pearl},
	Bibsource = {DBLP, http://dblp.uni-trier.de},
	Booktitle = {UAI},
	Date-Added = {2009-11-09 08:20:52 -0800},
	Date-Modified = {2009-11-09 08:32:37 -0800},
	Pages = {194-202},
	Title = {Causes and Explanations: A Structural-Model Approach: Part 1: Causes},
	Year = {2001},
	Bdsk-Url-1 = {http://rome.exp.sis.pitt.edu/UAI/Abstract.asp?articleID=100&proceedingID=17}}

@inproceedings{DBLP:conf/sigmod/ChapmanJ09,
	Annote = {523-534},
	Author = {Adriane Chapman and H. V. Jagadish},
	Bibsource = {DBLP, http://dblp.uni-trier.de},
	Booktitle = {SIGMOD},
	Date-Added = {2009-11-09 08:14:35 -0800},
	Date-Modified = {2010-10-29 17:33:18 -0700},
	Ee = {http://doi.acm.org/10.1145/1559845.1559901},
	Pages = {523-534},
	Title = {Why not?},
	Year = {2009}}

@article{DBLP:journals/pvldb/HuangCDN08,
	Author = {Jiansheng Huang and Ting Chen and AnHai Doan and Jeffrey F. Naughton},
	Bibsource = {DBLP, http://dblp.uni-trier.de},
	Date-Added = {2009-11-09 08:14:03 -0800},
	Date-Modified = {2009-11-09 08:14:03 -0800},
	Journal = {PVLDB},
	Number = {1},
	Pages = {736-747},
	Title = {On the provenance of non-answers to queries over extracted data},
	Volume = {1},
	Year = {2008},
	Bdsk-Url-1 = {http://www.vldb.org/pvldb/1/1453936.pdf}}

@article{DBLP:journals/pvldb/HerschelHT09,
	Author = {Melanie Herschel and Mauricio A. Hern{\'a}ndez and Wang Chiew Tan},
	Bibsource = {DBLP, http://dblp.uni-trier.de},
	Date-Added = {2009-11-09 08:10:48 -0800},
	Date-Modified = {2009-11-09 08:10:48 -0800},
	Journal = {PVLDB},
	Number = {2},
	Pages = {1550-1553},
	Title = {Artemis: A System for Analyzing Missing Answers},
	Volume = {2},
	Year = {2009},
	Bdsk-Url-1 = {http://www.vldb.org/pvldb/2/vldb09-1004.pdf}}

@article{Lewis1973,
	Author = {Lewis, David},
	Journal = {The Journal of Philosophy},
	Keywords = {causality, metaphysics, philosophy},
	Number = {17},
	Pages = {556--567},
	Title = {Causation},
	Url = {http://dx.doi.org/10.2307/2025310},
	Volume = {70},
	Year = {1973},
	Bdsk-Url-1 = {http://dx.doi.org/10.2307/2025310}}

@inproceedings{HopkinsP2003,
	Annote = {24--26
AAAI Press},
	Author = {Mark Hopkins and Judea Pearl},
	Booktitle = {In Proceedings of the AAAI Spring Symposium on Logical Formalizations of Commonsense Reasoning},
	Date-Modified = {2009-12-20 15:04:11 -0800},
	Title = {Clarifying the Usage of Structural Models for Commonsense Causal Reasoning},
	Year = {2003}}

@inproceedings{OlteanuH2009,
	Annote = {389--402},
	Author = {Olteanu, Dan and Huang, Jiewen},
	Booktitle = {SIGMOD},
	Date-Modified = {2009-12-11 22:58:04 -0800},
	Title = {Secondary-storage confidence computation for conjunctive queries with inequalities},
	Year = {2009},
	Bdsk-Url-1 = {http://doi.acm.org/10.1145/1559845.1559887}}

@inproceedings{pods:invited:2007,
	Address = {Beijing, China},
	Author = {N.~Dalvi and D.~Suciu},
	Booktitle = {PODS},
	Note = {(invited talk)},
	Pages = {1-12},
	Postscript = {/homes/gws/suciu/PROJECTS/RESEARCH/CONFERENCE-PAPERS/PODS/PODS2007/INVITED/pods71v-suciu.pdf},
	Project = {mystiq},
	Title = {Management of Probabilistic Data: Foundations and Challenges},
	Year = 2007}

@article{DBLP:journals/tocl/LeonePFEGPS06,
	Author = {Nicola Leone and Gerald Pfeifer and Wolfgang Faber and Thomas Eiter and Georg Gottlob and Simona Perri and Francesco Scarcello},
	Bibsource = {DBLP, http://dblp.uni-trier.de},
	Ee = {http://doi.acm.org/10.1145/1149114.1149117},
	Journal = {ACM Trans. Comput. Log.},
	Number = {3},
	Pages = {499-562},
	Title = {The DLV system for knowledge representation and reasoning},
	Volume = {7},
	Year = {2006}}

@article{DBLP:journals/jacm/ImielinskiL84,
	Author = {Tomasz Imielinski and Witold Lipski Jr.},
	Bibsource = {DBLP, http://dblp.uni-trier.de},
	Ee = {db/journals/jacm/ImielinskiL84.html, http://doi.acm.org/10.1145/1634.1886},
	Journal = {J. ACM},
	Number = {4},
	Pages = {761-791},
	Title = {Incomplete Information in Relational Databases},
	Volume = {31},
	Year = {1984}}

@inproceedings{DBLP:conf/er/BaroneJAM11,
	Author = {Daniele Barone and Lei Jiang and Daniel Amyot and John Mylopoulos},
	Bibsource = {DBLP, http://dblp.uni-trier.de},
	Booktitle = {ER},
	Ee = {http://dx.doi.org/10.1007/978-3-642-24606-7_35},
	Pages = {448-458},
	Title = {Composite Indicators for Business Intelligence},
	Year = {2011}}

@inproceedings{DBLP:conf/sigmod/JampaniXWPJH08,
	Author = {Ravi Jampani and Fei Xu and Mingxi Wu and Luis Leopoldo Perez and Christopher M. Jermaine and Peter J. Haas},
	Bibsource = {DBLP, http://dblp.uni-trier.de},
	Booktitle = {SIGMOD Conference},
	Ee = {http://doi.acm.org/10.1145/1376616.1376686},
	Pages = {687-700},
	Title = {MCDB: a monte carlo approach to managing uncertain data},
	Year = {2008}}

@inproceedings{DBLP:conf/pods/BohannonPV06,
	Author = {Aaron Bohannon and Benjamin C. Pierce and Jeffrey A. Vaughan},
	Bibsource = {DBLP, http://dblp.uni-trier.de},
	Booktitle = {PODS},
	Ee = {http://doi.acm.org/10.1145/1142351.1142399},
	Pages = {338-347},
	Title = {Relational lenses: a language for updatable views},
	Year = {2006}}

@inproceedings{DBLP:conf/sigmod/ArasuKL11,
	Author = {Arvind Arasu and Raghav Kaushik and Jian Li},
	Bibsource = {DBLP, http://dblp.uni-trier.de},
	Booktitle = {SIGMOD Conference},
	Ee = {http://doi.acm.org/10.1145/1989323.1989395},
	Pages = {685-696},
	Title = {Data generation using declarative constraints},
	Year = {2011}}

@article{DBLP:journals/jacm/FaginN10,
	Author = {Ronald Fagin and Alan Nash},
	Bibsource = {DBLP, http://dblp.uni-trier.de},
	Ee = {http://doi.acm.org/10.1145/1857914.1857915},
	Journal = {J. ACM},
	Number = {6},
	Pages = {31},
	Title = {The structure of inverses in schema mappings},
	Volume = {57},
	Year = {2010}}

@book{ullman88,
	Address = {Rockville, MD 20850},
	Author = {Jeffrey D. Ullman},
	Publisher = {Computer Science Press},
	Title = {Principles of Database and Knowledgebase Systems I},
	Year = 1989}

@book{ullman89,
	Address = {Rockvill, MD 20850},
	Author = {Jeffrey D. Ullman},
	Publisher = {Computer Science Press},
	Title = {Principles of Database and Knowledgebase Systems II: The New Technologies},
	Year = 1989}

@inproceedings{maybms,
	Acmid = {1547223},
	Address = {Washington, DC, USA},
	Author = {Antova, Lyublena and Jansen, Thomas and Koch, Christoph and Olteanu, Dan},
	Booktitle = {ICDE},
	Doi = {10.1109/ICDE.2008.4497507},
	Isbn = {978-1-4244-1836-7},
	Numpages = {10},
	Pages = {983--992},
	Publisher = {IEEE Computer Society},
	Title = {Fast and Simple Relational Processing of Uncertain Data},
	Url = {http://portal.acm.org/citation.cfm?id=1546682.1547223},
	Year = {2008},
	Bdsk-Url-1 = {http://portal.acm.org/citation.cfm?id=1546682.1547223},
	Bdsk-Url-2 = {http://dx.doi.org/10.1109/ICDE.2008.4497507}}

@inproceedings{trio,
	Author = {Parag Agrawal and Omar Benjelloun and Anish Das Sarma and Chris Hayworth and Shubha U. Nabar and Tomoe Sugihara and Jennifer Widom},
	Booktitle = {VLDB},
	Pages = {1151-1154},
	Title = {Trio: A System for Data, Uncertainty, and Lineage},
	Year = {2006}}

@article{nilesh:dan:vldbj:07,
	Author = {N.~Dalvi and D.~Suciu},
	Journal = {VLDBJ},
	Number = {4},
	Pages = {523-544},
	Postscript = {/homes/gws/suciu/PROJECTS/RESEARCH/JOURNAL-PAPERS/VLDBJ/PROBDB/CAMERA-READY/vldbj-probdb.pdf},
	Project = {mystiq},
	Title = {Efficient Query Evaluation on Probabilistic Databases},
	Volume = {16},
	Year = 2007}

@inproceedings{DBLP:conf/vldb/BalminPP00,
	Author = {Andrey Balmin and Thanos Papadimitriou and Yannis Papakonstantinou},
	Bibsource = {DBLP, http://dblp.uni-trier.de},
	Booktitle = {VLDB},
	Date-Added = {2011-03-29 14:02:01 -0700},
	Date-Modified = {2011-06-09 14:46:34 +0300},
	Pages = {220-231},
	Title = {Hypothetical Queries in an {OLAP} Environment},
	Year = {2000},
	Bdsk-Url-1 = {http://dblp.uni-trier.de/db/conf/vldb/BalminPP00.html}}

@inproceedings{DBLP:conf/icde/LakshmananRS08,
	Author = {Laks V. S. Lakshmanan and Alex Russakovsky and Vaishnavi Sashikanth},
	Bibsource = {DBLP, http://dblp.uni-trier.de},
	Booktitle = {ICDE},
	Date-Added = {2011-03-29 13:57:30 -0700},
	Date-Modified = {2011-03-29 13:57:41 -0700},
	Pages = {1334-1336},
	Title = {What-if OLAP Queries with Changing Dimensions},
	Year = {2008},
	Bdsk-Url-1 = {http://dx.doi.org/10.1109/ICDE.2008.4497547}}
	
@inproceedings{Vardi:2000:CSD:335168.335209,
	 author = {Vardi, Moshe Y.},
	 title = {Constraint satisfaction and database theory: a tutorial},
	 booktitle = {Proceedings of the nineteenth ACM SIGMOD-SIGACT-SIGART symposium on Principles of database systems},
	 series = {PODS '00},
	 year = {2000},
	 isbn = {1-58113-214-X},
	 location = {Dallas, Texas, United States},
	 pages = {76--85},
	 numpages = {10},
	 url = {http://doi.acm.org/10.1145/335168.335209},
	 doi = {10.1145/335168.335209},
	 acmid = {335209},
	 publisher = {ACM},
	 address = {New York, NY, USA},
	}

@article{Zhu:1997:NRN:263124.263129,
	 author = {Zhu, Nan and Broughan, Kevin},
	 title = {A Note on Reducing the Number of Variables in IntegerProgramming Problems},
	 journal = {Comput. Optim. Appl.},
	 issue_date = {Nov. 1997},
	 volume = {8},
	 number = {3},
	 month = nov,
	 year = {1997},
	 issn = {0926-6003},
	 pages = {263--272},
	 numpages = {10},
	 url = {http://dx.doi.org/10.1023/A:1008675522511},
	 doi = {10.1023/A:1008675522511},
	 acmid = {263129},
	 publisher = {Kluwer Academic Publishers},
	 address = {Norwell, MA, USA},
	 keywords = {Integer Programming, Knapsack problem, dominated columns, integer variables},
	}
