@misc{compcache,
  author = {Nitin Gupta},
  title = {compcache: Compressed Caching for {Linux}},
  note = {Information at \url{http://code.google.com/p/compcache/}}
}

@inproceedings{DBLP:conf/ipps/RichardsWMPW08,
  author    = {Timothy Richards and
               Edward K. Walters II and
               J. Eliot B. Moss and
               Trek S. Palmer and
               Charles C. Weems},
  title     = {Towards universal code generator generation},
  booktitle = {Proceedings of the 22nd IEEE International Symposium on Parallel and Distributed
               Processing (IPDPS 2008)},
  location = {Miami, Florida, USA},
  month = apr,
  publisher = {IEEE},
  year      = {2008},
  pages     = {1--8},
  ee        = {http://dx.doi.org/10.1109/IPDPS.2008.4536404},
  bibsource = {DBLP, http://dblp.uni-trier.de}
}

@inproceedings{Richards:2010:ADB:1806596.1806598,
 author = {Richards, Gregor and Lebresne, Sylvain and Burg, Brian and Vitek, Jan},
 title = {An analysis of the dynamic behavior of JavaScript programs},
 booktitle = {Proceedings of the 2010 ACM SIGPLAN conference on Programming language design and implementation},
 series = {PLDI '10},
 year = {2010},
 isbn = {978-1-4503-0019-3},
 location = {Toronto, Ontario, Canada},
 pages = {1--12},
 numpages = {12},
 url = {http://doi.acm.org/10.1145/1806596.1806598},
 doi = {10.1145/1806596.1806598},
 acmid = {1806598},
 publisher = {ACM},
 address = {New York, NY, USA},
 keywords = {dynamic behavior, dynamic metrics, execution tracing, javascript, program analysis},
}

DYNAMIC LANGUAGES CITATIONS:
@inproceedings{Proebsting97krakatoa:decompilation,
    author = {Todd A. Proebsting and Scott A. Watterson},
    title = {Krakatoa: Decompilation in Java (Does Bytecode Reveal Source?)},
    booktitle = {In Third USENIX Conference on Object-Oriented Technologies and Systems},
    year = {1997}
}
@book{Gosling:2005:JLS:1036643,
 author = {Gosling, James and Joy, Bill and Steele, Guy and Bracha, Gilad},
 title = {Java(TM) Language Specification, The (3rd Edition)},
 year = {2005},
 pages = {553--583},
 numpages = {30},
 isbn = {0321246780},
 publisher = {Addison-Wesley Professional},
}
@inproceedings{Herhut:2012:PPW:2342788.2342789,
 author = {Herhut, Stephan and Hudson, Richard L. and Shpeisman, Tatiana and Sreeram, Jaswanth},
 title = {Parallel programming for the web},
 booktitle = {Proceedings of the 4th USENIX conference on Hot Topics in Parallelism},
 series = {HotPar'12},
 year = {2012},
 location = {Berkeley, CA},
 url = {http://dl.acm.org/citation.cfm?id=2342788.2342789},
 acmid = {2342789},
 publisher = {USENIX Association},
 address = {Berkeley, CA, USA},
}
@inproceedings{miecznikowski2001decompiling,
  title={Decompiling Java using staged encapsulation},
  author={Miecznikowski, J. and Hendren, L.},
  booktitle={Proceedings of the Eight Working Conference on Reverse Engineering},
  pages={368--374},
  year={2001},
  organization={IEEE}
}
 

@inproceedings{Chambers:1989:EIS:74877.74884,
 author = {Chambers, C. and Ungar, D. and Lee, E.},
 title = {An efficient implementation of SELF a dynamically-typed object-oriented language based on prototypes},
 booktitle = {Conference proceedings on Object-oriented programming systems, languages and applications},
 series = {OOPSLA '89},
 year = {1989},
 isbn = {0-89791-333-7},
 location = {New Orleans, Louisiana, United States},
 pages = {49--70},
 numpages = {22},
 url = {http://doi.acm.org/10.1145/74877.74884},
 doi = {10.1145/74877.74884},
 acmid = {74884},
 publisher = {ACM},
 address = {New York, NY, USA},
} 

@inproceedings{Gal:2009:TJT:1542476.1542528,
 author = {Gal, Andreas and Eich, Brendan and Shaver, Mike and Anderson, David and Mandelin, David and Haghighat, Mohammad R. and Kaplan, Blake and Hoare, Graydon and Zbarsky, Boris and Orendorff, Jason and Ruderman, Jesse and Smith, Edwin W. and Reitmaier, Rick and Bebenita, Michael and Chang, Mason and Franz, Michael},
 title = {Trace-based just-in-time type specialization for dynamic languages},
 booktitle = {Proceedings of the 2009 ACM SIGPLAN conference on Programming language design and implementation},
 series = {PLDI '09},
 year = {2009},
 isbn = {978-1-60558-392-1},
 location = {Dublin, Ireland},
 pages = {465--478},
 numpages = {14},
 url = {http://doi.acm.org/10.1145/1542476.1542528},
 doi = {10.1145/1542476.1542528},
 acmid = {1542528},
 publisher = {ACM},
 address = {New York, NY, USA},
 keywords = {dynamically typed languages, trace-based compilation},
} 

@inproceedings{Holzle:1991:ODO:646149.679193,
 author = {H\"{o}lzle, Urs and Chambers, Craig and Ungar, David},
 title = {Optimizing Dynamically-Typed Object-Oriented Languages With Polymorphic Inline Caches},
 booktitle = {Proceedings of the European Conference on Object-Oriented Programming},
 series = {ECOOP '91},
 year = {1991},
 isbn = {3-540-54262-0},
 pages = {21--38},
 numpages = {18},
 url = {http://dl.acm.org/citation.cfm?id=646149.679193},
 acmid = {679193},
 publisher = {Springer-Verlag},
 address = {London, UK, UK},
} 
