% All of the commented-out things need to be turned into BibTex entries, as below.

@article{DBLP:journals/corr/abs-1009-2785,
  author    = {Salvatore Aurigemma and
               Raymond R. Panko},
  title     = {The Detection of Human Spreadsheet Errors by Humans versus
               Inspection (Auditing) Software},
  journal   = {CoRR},
  volume    = {abs/1009.2785},
  year      = {2010},
  ee        = {http://arxiv.org/abs/1009.2785},
  bibsource = {DBLP, http://dblp.uni-trier.de}
}

@article{DBLP:journals/corr/abs-0805-1740,
  author    = {Yirsaw Ayalew and
               Markus Clermont and
               Roland T. Mittermeir},
  title     = {Detecting Errors in Spreadsheets},
  journal   = {CoRR},
  volume    = {abs/0805.1740},
  year      = {2008},
  ee        = {http://arxiv.org/abs/0805.1740},
  bibsource = {DBLP, http://dblp.uni-trier.de}
}

% \bibitem{Ayalew} Ayalew, Y., Clermont, M., Mittermier, R. Detecting errors in spreadsheets, Proceedings of the European Spreadsheet Risks Interest Group Annual Conference University of Greenwich, London, 2000, pp. 51-62.

% \bibitem{Brown} Brown, P. S., Gould, J. D. An Experimental Study of People Creating Spreadsheets, ACM Transactions on Office Information Systems (5:3) July 1987, pp. 258-272.

%\bibitem{Crivat} Crivat, B., MacLennan, J. (2004). Detect Anomalies in Excel Spreadsheets. 'ACCESS VB SQL Advisor Magazine'.

% \bibitem{Fisher1} Fisher II, M., Rothermel, G. The EUSES Spreadsheet Corpus: A shared resource for supporting experimentation with spreadsheet dependability mechanisms. Proceedings of the 1st Workshop on End-User Software Engineering, pages 47-51, St. Louis, MO, USA, May 2005.

% \bibitem{Fisher2} Fisher II, Marc, et al. Scaling a Dataflow Testing Methodology to the Multiparadigm World of Commercial Spreadsheets. ISSRE 2006: 13-22

% \bibitem{Hellman} Hellman, Z. 'Breaking Out of the Cell: On The Benefits of a New Spreadsheet User-Interaction Paradigm'. Proceedings of CoRR. 2008.

% \bibitem{Jafry} Jafry, Y.,Sidoroff, F.,Chi, R. 2006. 'A Computational Framework for the Near Elimination of Spreadsheet Risk'

% \bibitem{Morochove} Morochove, R. Tech at Work: Spreadsheet Slip-ups Cause Financial Errors, PCWorld, 2006

% \bibitem{Panko1} Panko, R. What we know about spreadsheet errors. Journal of End User Computing: Special issue on Scaling Up End User Development, 10(2):15-21, Spring 1998.

% \bibitem{Panko2} Panko R. R (2008) Revisiting the Panko-Halverson Taxonomy of Spreadsheet Errors http://arxiv.org/abs/0809.3613 , EuSpRIG 2008 Annual Conference, In pursuit of Spreadsheet Excellence, 199-220

% \bibitem{Raja} Rajalingham, K. (2005, July). "A Revised Classification of Spreadsheet Errors," Proceedings of the 2005, European Spreadsheet Risks Interest Group, EuSpRIG 2005, Greenwich, London, 185-199.

% \bibitem{Roth1} Rothermel, G., et al. (1998), 'What You See Is What You Test: A Methodology for Testing Formbased Visual programs', 20th International Conference on Software Engineering, 198-207.

% \bibitem{Roth2} Rothermel, Gregg (2001). 'A Methodology for Testing Spreadsheets', ACM Transactions on Software Engineering and Methodology, 10 (1), 110 - 47.

% \bibitem{Wail} Wailgum, T. Eight of the Worst Spreadsheet Blunders, CIO, 2007.
